
@misc{Sweb,
  title = {SWEB Educational OS},
  howpublished = "\url{https://github.com/IAIK/sweb}",
  year = {2014}, 
  note = "[Online; accessed 24-November-2014]"
}

@book{Tanenbaum,
    author  = "Andrew S. Tanenbaum",
    title   = "Moderne Betriebssysteme",
    edition = "3",
    publisher = "Pearson Studium",	
    year = "2014"
}



@misc{intelssd,
  title = {SSD 530 Series 2.5-inch Form Factor: Spec},
  howpublished = "\url{http://www.intel.com/content/www/us/en/solid-state-drives/ssd-530-sata-specification.html}",
  year = {2014}, 
  note = "[Online; accessed 25-November-2014]"
}